<record><leader>00000cas a22000007a 4500</leader><controlfield tag="001">11684136</controlfield><controlfield tag="008">850212d18751880njuwr ne      0    0eng d</controlfield><datafield ind1=" " ind2=" " tag="010"><subfield code="a">sn 85025356 </subfield></datafield><datafield ind1=" " ind2=" " tag="040"><subfield code="a">NPX</subfield><subfield code="b">eng</subfield><subfield code="c">NPX</subfield><subfield code="d">NJW</subfield><subfield code="d">OCLCQ</subfield></datafield><datafield ind1=" " ind2=" " tag="042"><subfield code="a">msc</subfield></datafield><datafield ind1="0" ind2=" " tag="130"><subfield code="a">Vineland independent (Vineland, N.J. : 1875)</subfield></datafield><datafield ind1="1" ind2="0" tag="245"><subfield code="a">Vineland independent.</subfield></datafield><datafield ind1=" " ind2=" " tag="260"><subfield code="a">Vineland, N.J. :</subfield><subfield code="b">E.G. Blaisdell</subfield></datafield><datafield ind1=" " ind2=" " tag="300"><subfield code="a">v.</subfield></datafield><datafield ind1=" " ind2=" " tag="310"><subfield code="a">Weekly</subfield></datafield><datafield ind1="1" ind2=" " tag="362"><subfield code="a">Began in July 1875? Ceased with July 29, 1880 issue.</subfield><subfield code="z">Cf. Direct. of N.J. newspapers, 1765-1970.</subfield></datafield><datafield ind1=" " ind2=" " tag="500"><subfield code="a">Editor: E.G. Blaisdell, &lt;1876&gt;.</subfield></datafield><datafield ind1=" " ind2=" " tag="580"><subfield code="a">Daily ed.: Daily independent (Vineland, N.J.) (non-extant?). Cf. Direct. of N.J. newspapers, 1765-1970.</subfield></datafield><datafield ind1=" " ind2=" " tag="588"><subfield code="a">Description based on: Vol. 10, no. 9 (Apr. 22, 1876).</subfield></datafield><datafield ind1=" " ind2=" " tag="752"><subfield code="a">United States</subfield><subfield code="b">New Jersey</subfield><subfield code="c">Cumberland</subfield><subfield code="d">Vineland.</subfield></datafield><datafield ind1="1" ind2=" " tag="775"><subfield code="t">Daily independent (Vineland, N.J.)</subfield></datafield><datafield ind1="0" ind2="0" tag="780"><subfield code="t">Vineland independent and New Jersey Granger</subfield><subfield code="w">(DLC)sn 91064062</subfield><subfield code="w">(OCoLC)24887551</subfield></datafield><datafield ind1="0" ind2="5" tag="780"><subfield code="t">Vineland advertiser (Vineland, N.J. : 1874)</subfield><subfield code="g">1879</subfield><subfield code="w">(DLC)sn 85025355</subfield></datafield><datafield ind1="0" ind2="7" tag="785"><subfield code="t">Vineland weekly</subfield><subfield code="w">(DLC)sn 84026265</subfield></datafield><datafield ind1="0" ind2="7" tag="785"><subfield code="t">Vineland weekly-independent</subfield><subfield code="w">(DLC)sn 87068138</subfield></datafield></record>